<?xml version="1.0" encoding="UTF-8"?><collection xmlns="http://www.loc.gov/MARC21/slim"><record><leader>00612nam--2200193-i-4500</leader><controlfield tag="001">000046637</controlfield><controlfield tag="002">20161230</controlfield><controlfield tag="005">20161230201046</controlfield><controlfield tag="008">060222s1000------------r-----000-0-rum-d</controlfield><datafield ind1=" " ind2=" " tag="040"><subfield code="a">IFIN-HH</subfield></datafield><datafield ind1=" " ind2=" " tag="041"><subfield code="a">rum</subfield></datafield><datafield ind1=" " ind2=" " tag="080"><subfield code="a">539.4</subfield></datafield><datafield ind1="1" ind2=" " tag="100"><subfield code="a">Mazilu, Panait</subfield></datafield><datafield ind1="1" ind2="0" tag="245"><subfield code="a">Probleme de rezistenta materialelor</subfield><subfield code="b">Indrumar de rezolvare si aplicatii speciale din constructii si constructii de masini vol. i</subfield><subfield code="c">Panait mazilu, nicolae posea, eugen iordachescu</subfield></datafield><datafield ind1=" " ind2=" " tag="260"><subfield code="a">Bucuresti</subfield><subfield code="b">Editura Tehnica</subfield><subfield code="c">1969</subfield></datafield><datafield ind1=" " ind2=" " tag="300"><subfield code="a">462P</subfield></datafield><datafield ind1="1" ind2=" " tag="700"><subfield code="a">Iordachescu, Eugen</subfield></datafield><datafield ind1=" " ind2=" " tag="852"><subfield code="a">30800</subfield><subfield code="c">539.4</subfield></datafield><datafield ind1=" " ind2=" " tag="CAT"><subfield code="a">Sys</subfield><subfield code="c">20130129</subfield><subfield code="h">122554</subfield></datafield></record></collection>